
@thesis{Boris,
	author = {Boris Golden},
	title = {A Unified Formalism for Complex Systems Architecture},
	institution = {Ecole Polytechnique - LIX},
	year ={2013},
	url = {http://www.lix.polytechnique.fr/~golden/research/phd.pdf},
	note ={HÃ¤mtat: 2018-01-29},
}

@book{Design,
	author={Gamma, Erich},
	title={Design patterns : elements of reusable object-oriented software},
	publisher={Addison-Wesley},
	address={Reading, Mass.},
	year={1995},
	ISBN={0-201-63361-2},
	keywords={Objektorienterad programmering Programmering Databehandling},
}



